<collection xmlns="http://www.loc.gov/MARC21/slim">
<record>
  <leader>01513nam0a2200289 i 450 </leader>
  <controlfield tag="001">IT\ICCU\CNCE\006078</controlfield>
  <controlfield tag="005">20050218000000.0</controlfield>
  <datafield tag="012" ind1=" " ind2=" ">
    <subfield code="a">anmo etto aami i-ni (C) 1577 (Q)</subfield>
    <subfield code="2">fei</subfield>
  </datafield>
  <datafield tag="100" ind1=" " ind2=" ">
    <subfield code="a">19970101f1577        0itac0103    ba</subfield>
  </datafield>
  <datafield tag="101" ind1=" " ind2=" ">
    <subfield code="a">ITA</subfield>
  </datafield>
  <datafield tag="102" ind1=" " ind2=" ">
    <subfield code="a">IT</subfield>
  </datafield>
  <datafield tag="200" ind1="1" ind2=" ">
    <subfield code="a">Oratione dell&apos;eccellente m. Ercole Bilonci, ambasciatore di Rouigo nella creatione del sereniss. prencipe di Vinegia Sebastian Veniero. Con la licenza, et gratia dimandata a Sua Serenit ̉nella partenza di esso ambasciatore</subfield>
  </datafield>
  <datafield tag="210" ind1=" " ind2=" ">
    <subfield code="a">In Vinegia</subfield>
    <subfield code="c">appresso Domenico Farri</subfield>
    <subfield code="d">\1577?!</subfield>
  </datafield>
  <datafield tag="215" ind1=" " ind2=" ">
    <subfield code="a">\8! c.</subfield>
    <subfield code="d">4ʻ</subfield>
  </datafield>
  <datafield tag="300" ind1=" " ind2=" ">
    <subfield code="a">La data si ricava da quella dell&apos;elezione di Sebastiano Venier</subfield>
  </datafield>
  <datafield tag="620" ind1=" " ind2=" ">
    <subfield code="a">IT</subfield>
    <subfield code="d">Venezia</subfield>
  </datafield>
  <datafield tag="700" ind1=" " ind2="1">
    <subfield code="a">Bilonci,</subfield>
    <subfield code="b">Ercole</subfield>
    <subfield code="3">IT\ICCU\CNCA\001735</subfield>
  </datafield>
  <datafield tag="712" ind1="0" ind2="0">
    <subfield code="a">Farri, Domenico</subfield>
    <subfield code="3">IT\ICCU\CNCT\000035</subfield>
    <subfield code="4">650</subfield>
  </datafield>
  <datafield tag="791" ind1="0" ind2="0">
    <subfield code="a">Farris, Dominicus de</subfield>
    <subfield code="3">IT\ICCU\CNCT\005455</subfield>
    <subfield code="z">Farri, Domenico</subfield>
  </datafield>
  <datafield tag="791" ind1="0" ind2="0">
    <subfield code="a">Farreus, Dominicus</subfield>
    <subfield code="3">IT\ICCU\CNCT\005459</subfield>
    <subfield code="z">Farri, Domenico</subfield>
  </datafield>
  <datafield tag="791" ind1="0" ind2="0">
    <subfield code="a">Farris, Domingo</subfield>
    <subfield code="3">IT\ICCU\CNCT\005462</subfield>
    <subfield code="z">Farri, Domenico</subfield>
  </datafield>
  <datafield tag="801" ind1=" " ind2="3">
    <subfield code="a">IT</subfield>
    <subfield code="b">ICCU</subfield>
    <subfield code="c">20201113</subfield>
  </datafield>
  <datafield tag="899" ind1=" " ind2=" ">
    <subfield code="a">Biblioteca Apostolica Vaticana. Citt ̉del Vaticano</subfield>
    <subfield code="1">EX0001</subfield>
    <subfield code="2">ZCV 01</subfield>
  </datafield>
  <datafield tag="899" ind1=" " ind2=" ">
    <subfield code="a">Biblioteca nazionale centrale. Roma</subfield>
    <subfield code="1">RM0267</subfield>
    <subfield code="2">BVE CR</subfield>
  </datafield>
  <datafield tag="899" ind1=" " ind2=" ">
    <subfield code="a">Biblioteca nazionale Marciana. Venezia</subfield>
    <subfield code="1">VE0049</subfield>
    <subfield code="2">VEA BM</subfield>
  </datafield>
  <datafield tag="911" ind1=" " ind2=" ">
    <subfield code="a">Sul front.</subfield>
    <subfield code="9">IT\ICCU\CNCM\000300</subfield>
  </datafield>
  <datafield tag="921" ind1=" " ind2=" ">
    <subfield code="a">IT\ICCU\CNCM\000300</subfield>
    <subfield code="b">Cammello inginocchiato, in atto di rialzarsi, viene caricato da due persone. In cornice figurata</subfield>
    <subfield code="e">Satis</subfield>
    <subfield code="c">V43</subfield>
    <subfield code="d">4,8 x 6,1 cm.; E&apos; la Z190ter.</subfield>
    <subfield code="f">CAMMELLO</subfield>
    <subfield code="f">SATIS</subfield>
    <subfield code="f">SOMA</subfield>
    <subfield code="g">1570-1591</subfield>
  </datafield>
</record>
</collection>
